<record><leader>00000cas a22000007a 4500</leader><controlfield tag="001">14075831</controlfield><controlfield tag="008">860811d19111924iauwr ne      0    0eng d</controlfield><datafield ind1=" " ind2=" " tag="010"><subfield code="a">sn 86060162 </subfield></datafield><datafield ind1=" " ind2=" " tag="040"><subfield code="a">INP</subfield><subfield code="b">eng</subfield><subfield code="c">INP</subfield><subfield code="d">OCLCQ</subfield></datafield><datafield ind1=" " ind2=" " tag="042"><subfield code="a">msc</subfield></datafield><datafield ind1="0" ind2=" " tag="130"><subfield code="a">Mt. Ayr journal (Mount Ayr, Iowa : 1911)</subfield></datafield><datafield ind1="1" ind2="0" tag="245"><subfield code="a">Mt. Ayr journal.</subfield></datafield><datafield ind1="3" ind2="0" tag="246"><subfield code="a">Mount Ayr journal</subfield></datafield><datafield ind1=" " ind2=" " tag="260"><subfield code="a">Mount Ayr, Iowa :</subfield><subfield code="b">J.S. Shepherd &amp; Son,</subfield><subfield code="c">1911-</subfield></datafield><datafield ind1=" " ind2=" " tag="300"><subfield code="a">v. :</subfield><subfield code="b">ill.</subfield></datafield><datafield ind1=" " ind2=" " tag="310"><subfield code="a">Weekly</subfield></datafield><datafield ind1="0" ind2=" " tag="362"><subfield code="a">Vol. 29, no. 22 (Jan. 5, 1911)-</subfield></datafield><datafield ind1="1" ind2=" " tag="362"><subfield code="a">Ceased in 1924.</subfield><subfield code="z">Cf. Bibl. of Iowa newspapers.</subfield></datafield><datafield ind1=" " ind2=" " tag="500"><subfield code="a">Published as: Mount Ayr journal, Mar. 12, 1914-&lt;Dec. 25, 1924&gt;.</subfield></datafield><datafield ind1=" " ind2=" " tag="500"><subfield code="a">Publisher varies.</subfield></datafield><datafield ind1=" " ind2=" " tag="500"><subfield code="a">Editors: Geo. L. Bartow, Feb. 19, 1914-Jan. 6, 1916; John L. Mills, Jan. 13, 1916-Dec. 27, 1917.</subfield></datafield><datafield ind1=" " ind2=" " tag="515"><subfield code="a">Occasional errors in numbering.</subfield></datafield><datafield ind1=" " ind2=" " tag="752"><subfield code="a">United States</subfield><subfield code="b">Iowa</subfield><subfield code="c">Ringgold</subfield><subfield code="d">Mount Ayr.</subfield></datafield><datafield ind1="0" ind2="0" tag="780"><subfield code="t">Mt. Ayr twice-a-week Monday and Thursday journal</subfield><subfield code="w">(DLC)sn 86060161</subfield></datafield><datafield ind1="1" ind2=" " tag="029"><subfield code="a">AU@</subfield><subfield code="b">000025809312</subfield></datafield></record>